<record><leader>00000cas a2200000 a 4500</leader><controlfield tag="001">57396675</controlfield><controlfield tag="007">hd afb---bucu</controlfield><controlfield tag="007">hd bfb---bubu</controlfield><controlfield tag="008">050110d18921909wauwr nea     0    0eng c</controlfield><datafield ind1=" " ind2=" " tag="010"><subfield code="a">  2005252061</subfield></datafield><datafield ind1=" " ind2=" " tag="040"><subfield code="a">WAU</subfield><subfield code="b">eng</subfield><subfield code="c">WAU</subfield><subfield code="d">OCLCQ</subfield><subfield code="d">OCLCF</subfield><subfield code="d">OCLCO</subfield></datafield><datafield ind1="1" ind2=" " tag="029"><subfield code="a">AU@</subfield><subfield code="b">000026526218</subfield></datafield><datafield ind1=" " ind2=" " tag="042"><subfield code="a">pcc</subfield></datafield><datafield ind1=" " ind2=" " tag="043"><subfield code="a">n-us-wa</subfield></datafield><datafield ind1="0" ind2="0" tag="245"><subfield code="a">Port Angeles tribune-times</subfield><subfield code="h">[microform].</subfield></datafield><datafield ind1="3" ind2="0" tag="246"><subfield code="a">Tribune-times</subfield></datafield><datafield ind1=" " ind2=" " tag="260"><subfield code="a">Port Angeles, Wash. :</subfield><subfield code="b">Port Angeles Print. &amp; Pub. Co.</subfield></datafield><datafield ind1=" " ind2=" " tag="300"><subfield code="a">v.</subfield></datafield><datafield ind1="1" ind2=" " tag="362"><subfield code="a">Began in 1892; ceased in 1909.</subfield></datafield><datafield ind1=" " ind2=" " tag="515"><subfield code="a">Issues for &lt;July 26, 1894-Apr. 2, 1896&gt; numbered &lt;v. 5, no. 11-v. 6, no. 47&gt; in continuation of the numbering of the Port Angeles tribune; and: &lt;v. 10, no. 33-v. 12, no. 17&gt; in continuation of the numbering of the Port Angeles times.</subfield></datafield><datafield ind1=" " ind2=" " tag="515"><subfield code="a">Also called whole no. &lt;219-307&gt;</subfield></datafield><datafield ind1=" " ind2=" " tag="580"><subfield code="a">Formed by the merger of: Port Angeles tribune; and: Port Angeles times.</subfield></datafield><datafield ind1=" " ind2=" " tag="588"><subfield code="a">Description based on: July 26, 1894.</subfield></datafield><datafield ind1=" " ind2=" " tag="588"><subfield code="a">Latest issue consulted: Apr. 2, 1896.</subfield></datafield><datafield ind1=" " ind2=" " tag="533"><subfield code="a">Microfilm.</subfield><subfield code="b">[Seattle, Wash.] :</subfield><subfield code="c">Filmed by the University of Washington Library.</subfield><subfield code="e">1 microfilm reel ; 35 mm.</subfield><subfield code="n">Filmed out of order.</subfield></datafield><datafield ind1=" " ind2="0" tag="651"><subfield code="a">Port Angeles (Wash.)</subfield><subfield code="v">Newspapers.</subfield></datafield><datafield ind1=" " ind2="7" tag="655"><subfield code="a">Newspapers.</subfield><subfield code="2">fast</subfield><subfield code="0">(OCoLC)fst01423814</subfield></datafield><datafield ind1=" " ind2="7" tag="651"><subfield code="a">Washington (State)</subfield><subfield code="z">Port Angeles.</subfield><subfield code="2">fast</subfield><subfield code="0">(OCoLC)fst01218853</subfield></datafield><datafield ind1=" " ind2=" " tag="752"><subfield code="a">United States</subfield><subfield code="b">Washington</subfield><subfield code="c">Clallam</subfield><subfield code="d">Port Angeles.</subfield></datafield><datafield ind1="1" ind2=" " tag="776"><subfield code="c">Original</subfield><subfield code="w">(DLC)sn 90099741</subfield><subfield code="w">(OCoLC)21255245</subfield></datafield><datafield ind1="1" ind2="4" tag="780"><subfield code="t">Port Angeles tribune</subfield></datafield><datafield ind1="1" ind2="4" tag="780"><subfield code="t">Port Angeles times</subfield></datafield><datafield ind1="0" ind2="0" tag="785"><subfield code="t">Tribune-times (Port Angeles, Wash.)</subfield></datafield></record>